<?xml version="1.0" encoding="UTF-8"?>
<record>
  <leader>03424njm#a2200661#c#4500</leader>
  <controlfield tag="005">20210409120522.0</controlfield>
  <controlfield tag="007">co#|||||||||||</controlfield>
  <controlfield tag="007">vd#||||||</controlfield>
  <controlfield tag="008">160114|2010####gw#|||##q###########ger#c</controlfield>
  <controlfield tag="003">DE-605</controlfield>
  <controlfield tag="001">990210285400206441</controlfield>
  <datafield tag="024" ind1="3" ind2=" ">
    <subfield code="a">8 07280 71579 8</subfield>
  </datafield>
  <datafield tag="028" ind1="5" ind2="2">
    <subfield code="a">107 157</subfield>
  </datafield>
  <datafield tag="035" ind1=" " ind2=" ">
    <subfield code="a">(DE-605)HT018857620</subfield>
  </datafield>
  <datafield tag="040" ind1=" " ind2=" ">
    <subfield code="a">Kn 38</subfield>
    <subfield code="b">ger</subfield>
    <subfield code="d">HBZ/Red</subfield>
    <subfield code="e">rda</subfield>
  </datafield>
  <datafield tag="041" ind1=" " ind2=" ">
    <subfield code="a">ger</subfield>
  </datafield>
  <datafield tag="044" ind1=" " ind2=" ">
    <subfield code="c">XA-DE</subfield>
  </datafield>
  <datafield tag="245" ind1="0" ind2="0">
    <subfield code="a">European Concert 1992</subfield>
    <subfield code="c">Berliner Philharmoniker. Daniel Barenboim [Dirigent]. Plácido Domingo, tenor</subfield>
  </datafield>
  <datafield tag="264" ind1=" " ind2="1">
    <subfield code="a">[Halle (Saale)]</subfield>
    <subfield code="b">Arthaus</subfield>
    <subfield code="c">[2010]</subfield>
  </datafield>
  <datafield tag="264" ind1=" " ind2="4">
    <subfield code="c">[©2010]</subfield>
  </datafield>
  <datafield tag="300" ind1=" " ind2=" ">
    <subfield code="a">1 DVD-Video</subfield>
    <subfield code="b">DVD 9, PAL</subfield>
    <subfield code="c">12 cm</subfield>
    <subfield code="e">Beih.</subfield>
  </datafield>
  <datafield tag="336" ind1=" " ind2=" ">
    <subfield code="b">prm</subfield>
  </datafield>
  <datafield tag="336" ind1=" " ind2=" ">
    <subfield code="b">tdi</subfield>
  </datafield>
  <datafield tag="337" ind1=" " ind2=" ">
    <subfield code="b">v</subfield>
  </datafield>
  <datafield tag="338" ind1=" " ind2=" ">
    <subfield code="b">vd</subfield>
  </datafield>
  <datafield tag="344" ind1=" " ind2=" ">
    <subfield code="g">stereo</subfield>
  </datafield>
  <datafield tag="347" ind1=" " ind2=" ">
    <subfield code="a">Videodatei</subfield>
    <subfield code="e">0</subfield>
  </datafield>
  <datafield tag="500" ind1=" " ind2=" ">
    <subfield code="a">PCM stereo, DD 5.1, DTS 5.1, Bildformat: 4:3, Running time: 104 min, DVD 9/PAL</subfield>
    <subfield code="9">F:501</subfield>
  </datafield>
  <datafield tag="500" ind1=" " ind2=" ">
    <subfield code="a">Directed by Brian Large. Executive Producers: Hans Peter Birke-Malzer...</subfield>
    <subfield code="9">F:501</subfield>
  </datafield>
  <datafield tag="500" ind1=" " ind2=" ">
    <subfield code="a">El Escorial, live from the Basilica of the royal monastary of San Lorenz De El Escorial, 1992</subfield>
    <subfield code="9">F:501</subfield>
  </datafield>
  <datafield tag="505" ind1="8" ind2="0">
    <subfield code="t">La Forza del destino: Overture</subfield>
    <subfield code="r">Giuseppe Verdi</subfield>
  </datafield>
  <datafield tag="505" ind1="8" ind2="0">
    <subfield code="t">Don Carlo: 'Io I'ho perduta'</subfield>
    <subfield code="r">Giuseppe Verdi</subfield>
  </datafield>
  <datafield tag="505" ind1="8" ind2="0">
    <subfield code="t">La damnation de Faust: Marche hongroise</subfield>
    <subfield code="r">Hector Berlioz</subfield>
  </datafield>
  <datafield tag="505" ind1="8" ind2="0">
    <subfield code="t">Symphony no. 7 in b minor: allegro moderato</subfield>
    <subfield code="r">Franz Schubert</subfield>
  </datafield>
  <datafield tag="505" ind1="8" ind2="0">
    <subfield code="t">Die Meistersinger von Nürnberg: Pelude to act I</subfield>
    <subfield code="r">Richard Wagner</subfield>
  </datafield>
  <datafield tag="505" ind1="8" ind2="0">
    <subfield code="t">Die Walküre: 'Winterstürme wichen dem Wonnemond'</subfield>
    <subfield code="r">Richard Wagner</subfield>
  </datafield>
  <datafield tag="505" ind1="8" ind2="0">
    <subfield code="t">Götterdämmerung: Tagesgrauen, Sonnenaufgang, voller Tag, Siegfrieds Rheinfahrt</subfield>
    <subfield code="r">Richard Wagner</subfield>
  </datafield>
  <datafield tag="505" ind1="8" ind2="0">
    <subfield code="t">Götterdämmerung: Siefrieds Tod, Trauermarsch</subfield>
    <subfield code="r">Richard Wagner</subfield>
  </datafield>
  <datafield tag="505" ind1="8" ind2="0">
    <subfield code="t">Götterdämmerung: Schlussszene</subfield>
    <subfield code="r">Richard Wagner</subfield>
  </datafield>
  <datafield tag="655" ind1=" " ind2="7">
    <subfield code="a">DVD-Video</subfield>
    <subfield code="0">(DE-588)4585125-6</subfield>
    <subfield code="2">gnd-carrier</subfield>
  </datafield>
  <datafield tag="700" ind1="1" ind2=" ">
    <subfield code="a">Barenboim, Daniel</subfield>
    <subfield code="d">1942-</subfield>
    <subfield code="0">(DE-588)118506560</subfield>
    <subfield code="4">cnd</subfield>
    <subfield code="4">drt</subfield>
    <subfield code="0">https://portal.dnb.de/opac.htm?method=simpleSearch&amp;cqlMode=true&amp;query=idn=118506560</subfield>
    <subfield code="0">http://viaf.org/viaf/sourceID/DNB|118506560</subfield>
    <subfield code="B">GND-118506560</subfield>
  </datafield>
  <datafield tag="700" ind1="1" ind2=" ">
    <subfield code="a">Domingo, Plácido</subfield>
    <subfield code="d">1941-</subfield>
    <subfield code="0">(DE-588)118680242</subfield>
    <subfield code="4">sng</subfield>
    <subfield code="0">https://portal.dnb.de/opac.htm?method=simpleSearch&amp;cqlMode=true&amp;query=idn=118680242</subfield>
    <subfield code="0">http://viaf.org/viaf/sourceID/DNB|118680242</subfield>
    <subfield code="B">GND-118680242</subfield>
  </datafield>
  <datafield tag="700" ind1="1" ind2=" ">
    <subfield code="a">Large, Brian</subfield>
    <subfield code="d">1939-</subfield>
    <subfield code="0">(DE-588)134751957</subfield>
    <subfield code="4">drt</subfield>
    <subfield code="0">https://portal.dnb.de/opac.htm?method=simpleSearch&amp;cqlMode=true&amp;query=idn=134751957</subfield>
    <subfield code="0">http://viaf.org/viaf/sourceID/DNB|134751957</subfield>
    <subfield code="B">GND-134751957</subfield>
  </datafield>
  <datafield tag="700" ind1="1" ind2=" ">
    <subfield code="a">Birke-Malzer, Hans Peter</subfield>
    <subfield code="0">(DE-588)1138654418</subfield>
    <subfield code="4">tlp</subfield>
    <subfield code="0">https://portal.dnb.de/opac.htm?method=simpleSearch&amp;cqlMode=true&amp;query=idn=1138654418</subfield>
    <subfield code="0">http://viaf.org/viaf/sourceID/DNB|1138654418</subfield>
    <subfield code="B">GND-1138654418</subfield>
  </datafield>
  <datafield tag="700" ind1="1" ind2="2">
    <subfield code="a">Verdi, Giuseppe</subfield>
    <subfield code="d">1813-1901</subfield>
    <subfield code="t">&lt;&lt;La&gt;&gt; forza del destino</subfield>
    <subfield code="p">Ouvertüre</subfield>
    <subfield code="0">(DE-588)300165633</subfield>
    <subfield code="B">GND-300165633</subfield>
  </datafield>
  <datafield tag="700" ind1="1" ind2="2">
    <subfield code="a">Verdi, Giuseppe</subfield>
    <subfield code="d">1813-1901</subfield>
    <subfield code="t">Don Carlos &lt;Io I'ho perduta&gt;</subfield>
    <subfield code="m">Singstimme</subfield>
    <subfield code="m">Orchester</subfield>
    <subfield code="0">(DE-588)1081395184</subfield>
    <subfield code="0">https://portal.dnb.de/opac.htm?method=simpleSearch&amp;cqlMode=true&amp;query=idn=1081395184</subfield>
    <subfield code="0">http://viaf.org/viaf/sourceID/DNB|1081395184</subfield>
    <subfield code="B">GND-1081395184</subfield>
  </datafield>
  <datafield tag="700" ind1="1" ind2="2">
    <subfield code="a">Berlioz, Hector</subfield>
    <subfield code="d">1803-1869</subfield>
    <subfield code="t">&lt;&lt;La&gt;&gt; damnation de Faust</subfield>
    <subfield code="p">Marche hongroise</subfield>
    <subfield code="0">(DE-588)30001922X</subfield>
    <subfield code="B">GND-30001922X</subfield>
  </datafield>
  <datafield tag="700" ind1="1" ind2="2">
    <subfield code="a">Berlioz, Hector</subfield>
    <subfield code="d">1803-1869</subfield>
    <subfield code="t">&lt;&lt;La&gt;&gt; damnation de Faust</subfield>
    <subfield code="p">Invocation à la nature</subfield>
    <subfield code="m">Singstimme</subfield>
    <subfield code="m">Orchester</subfield>
    <subfield code="0">(DE-588)1081431687</subfield>
    <subfield code="B">GND-1081431687</subfield>
  </datafield>
  <datafield tag="700" ind1="1" ind2="2">
    <subfield code="a">Schubert, Franz</subfield>
    <subfield code="d">1797-1828</subfield>
    <subfield code="t">Sinfonien</subfield>
    <subfield code="n">D 759</subfield>
    <subfield code="r">h-Moll</subfield>
    <subfield code="0">(DE-588)300141777</subfield>
    <subfield code="0">https://portal.dnb.de/opac.htm?method=simpleSearch&amp;cqlMode=true&amp;query=idn=300141777</subfield>
    <subfield code="0">http://viaf.org/viaf/sourceID/DNB|300141777</subfield>
    <subfield code="B">GND-300141777</subfield>
  </datafield>
  <datafield tag="700" ind1="1" ind2="2">
    <subfield code="a">Wagner, Richard</subfield>
    <subfield code="d">1813-1883</subfield>
    <subfield code="t">&lt;&lt;Die&gt;&gt; Meistersinger von Nürnberg</subfield>
    <subfield code="p">Vorspiel</subfield>
    <subfield code="0">(DE-588)300170114</subfield>
    <subfield code="B">GND-300170114</subfield>
  </datafield>
  <datafield tag="700" ind1="1" ind2="2">
    <subfield code="a">Wagner, Richard</subfield>
    <subfield code="d">1813-1883</subfield>
    <subfield code="t">&lt;&lt;Der&gt;&gt; Ring des Nibelungen</subfield>
    <subfield code="p">Erster Tag: Die Walküre</subfield>
    <subfield code="p">Winterstürme wichen dem Wonnemond</subfield>
    <subfield code="0">(DE-588)300170602</subfield>
    <subfield code="B">GND-300170602</subfield>
  </datafield>
  <datafield tag="700" ind1="1" ind2="2">
    <subfield code="a">Wagner, Richard</subfield>
    <subfield code="d">1813-1883</subfield>
    <subfield code="t">&lt;&lt;Der&gt;&gt; Ring des Nibelungen</subfield>
    <subfield code="p">Dritter Tag: Götterdämmerung</subfield>
    <subfield code="p">Siegfrieds Rheinfahrt</subfield>
    <subfield code="0">(DE-588)300169892</subfield>
    <subfield code="B">GND-300169892</subfield>
  </datafield>
  <datafield tag="700" ind1="1" ind2="2">
    <subfield code="a">Wagner, Richard</subfield>
    <subfield code="d">1813-1883</subfield>
    <subfield code="t">&lt;&lt;Der&gt;&gt; Ring des Nibelungen</subfield>
    <subfield code="p">Dritter Tag: Götterdämmerung</subfield>
    <subfield code="p">Trauermarsch</subfield>
    <subfield code="0">(DE-588)300169914</subfield>
    <subfield code="B">GND-300169914</subfield>
  </datafield>
  <datafield tag="710" ind1="2" ind2=" ">
    <subfield code="a">Berliner Philharmoniker</subfield>
    <subfield code="0">(DE-588)2173862-2</subfield>
    <subfield code="4">oth</subfield>
    <subfield code="0">https://portal.dnb.de/opac.htm?method=simpleSearch&amp;cqlMode=true&amp;query=idn=95514504X</subfield>
    <subfield code="0">http://viaf.org/viaf/sourceID/DNB|95514504X</subfield>
    <subfield code="B">GND-95514504X</subfield>
  </datafield>
  <datafield tag="964" ind1="0" ind2="s">
    <subfield code="F">030</subfield>
    <subfield code="A">a|zur||||||37</subfield>
  </datafield>
  <datafield tag="964" ind1="0" ind2="s">
    <subfield code="F">050</subfield>
    <subfield code="A">||||||||d|||||</subfield>
  </datafield>
  <datafield tag="964" ind1="0" ind2="s">
    <subfield code="F">051</subfield>
    <subfield code="A">m|||||||</subfield>
  </datafield>
  <datafield tag="035" ind1=" " ind2=" ">
    <subfield code="a">(DE-599)HBZHT018857620</subfield>
  </datafield>
  <datafield tag="MBD" ind1=" " ind2=" ">
    <subfield code="M">49HBZ_NETWORK</subfield>
    <subfield code="i">990210285400206441</subfield>
    <subfield code="n">HBZ Network</subfield>
  </datafield>
  <datafield tag="MBD" ind1=" " ind2=" ">
    <subfield code="M">49HBZ_HMT</subfield>
    <subfield code="i">990003040430406460</subfield>
    <subfield code="n">Hochschule für Musik und Tanz Köln</subfield>
  </datafield>
  <datafield tag="MNG" ind1=" " ind2=" ">
    <subfield code="c">System</subfield>
    <subfield code="f">ILS</subfield>
    <subfield code="i">marc21</subfield>
    <subfield code="k">01</subfield>
    <subfield code="e">false</subfield>
    <subfield code="d">2022-08-21 04:08:54 Europe/Berlin</subfield>
    <subfield code="g">021028540-HBZ01</subfield>
    <subfield code="j">60</subfield>
    <subfield code="a">import</subfield>
    <subfield code="b">2021-04-06 00:33:28 Europe/Berlin</subfield>
  </datafield>
  <datafield tag="H52" ind1="8" ind2="1">
    <subfield code="b">Z9038</subfield>
    <subfield code="c">MZ2V</subfield>
    <subfield code="h">DV 361</subfield>
    <subfield code="8">2217369750006460</subfield>
  </datafield>
  <datafield tag="HOL" ind1=" " ind2=" ">
    <subfield code="d">2023-08-17 11:38:11</subfield>
    <subfield code="8">2217369750006460</subfield>
    <subfield code="b">2023-08-01 11:10:00</subfield>
    <subfield code="M">49HBZ_HMT</subfield>
    <subfield code="g">false</subfield>
    <subfield code="a">import</subfield>
    <subfield code="c">System</subfield>
  </datafield>
  <datafield tag="ITM" ind1=" " ind2=" ">
    <subfield code="H">2217369750006460</subfield>
    <subfield code="x">MZ2V</subfield>
    <subfield code="f">VIDEODISC</subfield>
    <subfield code="v">MZ2V</subfield>
    <subfield code="p">44</subfield>
    <subfield code="X">System</subfield>
    <subfield code="U">2016-01-14 11:59:00 Europe/Berlin</subfield>
    <subfield code="Y">2023-08-01 13:11:25 Europe/Berlin</subfield>
    <subfield code="h">false</subfield>
    <subfield code="n">DV 361</subfield>
    <subfield code="M">49HBZ_HMT</subfield>
    <subfield code="s">1</subfield>
    <subfield code="d">8</subfield>
    <subfield code="V">import</subfield>
    <subfield code="b">KN38$0000165230</subfield>
    <subfield code="a">2317369740006460</subfield>
    <subfield code="R">Maintenance count: 001</subfield>
    <subfield code="c">DV 361</subfield>
    <subfield code="B">2010/2926</subfield>
    <subfield code="D">20160114</subfield>
    <subfield code="W">2016-01-14 01:00:00 Europe/Berlin</subfield>
    <subfield code="u">Z9038</subfield>
    <subfield code="w">Z9038</subfield>
  </datafield>
  <datafield tag="GPN" ind1="1" ind2=" ">
    <subfield code="a">Wagner, Richard</subfield>
    <subfield code="d">1813-1883</subfield>
    <subfield code="t">Funeral march</subfield>
    <subfield code="A">GND</subfield>
    <subfield code="B">GND-300169914</subfield>
    <subfield code="C">400</subfield>
  </datafield>
  <datafield tag="GPN" ind1="1" ind2=" ">
    <subfield code="a">Wagner, Richard</subfield>
    <subfield code="d">1813-1883</subfield>
    <subfield code="t">Götterdämmerung &lt;Trauermarsch&gt;</subfield>
    <subfield code="9">v:R:Ansetzung nach RAK-Musik</subfield>
    <subfield code="A">GND</subfield>
    <subfield code="B">GND-300169914</subfield>
    <subfield code="C">400</subfield>
  </datafield>
  <datafield tag="GPN" ind1="1" ind2=" ">
    <subfield code="a">Wagner, Richard</subfield>
    <subfield code="d">1813-1883</subfield>
    <subfield code="t">Trauermarsch</subfield>
    <subfield code="A">GND</subfield>
    <subfield code="B">GND-300169914</subfield>
    <subfield code="C">400</subfield>
  </datafield>
  <datafield tag="GSI" ind1="7" ind2=" ">
    <subfield code="a">http://d-nb.info/gnd/300169914</subfield>
    <subfield code="2">uri</subfield>
    <subfield code="A">GND</subfield>
    <subfield code="B">GND-300169914</subfield>
    <subfield code="C">024</subfield>
  </datafield>
  <datafield tag="GPN" ind1="1" ind2=" ">
    <subfield code="a">Wagner, Richard</subfield>
    <subfield code="d">1813-1883</subfield>
    <subfield code="t">Götterdämmerung &lt;Siegfrieds Rheinfahrt&gt;</subfield>
    <subfield code="A">GND</subfield>
    <subfield code="B">GND-300169892</subfield>
    <subfield code="C">400</subfield>
  </datafield>
  <datafield tag="GPN" ind1="1" ind2=" ">
    <subfield code="a">Wagner, Richard</subfield>
    <subfield code="d">1813-1883</subfield>
    <subfield code="t">Siegfrieds Rheinfahrt</subfield>
    <subfield code="A">GND</subfield>
    <subfield code="B">GND-300169892</subfield>
    <subfield code="C">400</subfield>
  </datafield>
  <datafield tag="GPN" ind1="1" ind2=" ">
    <subfield code="a">Wagner, Richard</subfield>
    <subfield code="d">1813-1883</subfield>
    <subfield code="t">Morgendämmerung und Siegfrieds Rheinfahrt</subfield>
    <subfield code="A">GND</subfield>
    <subfield code="B">GND-300169892</subfield>
    <subfield code="C">400</subfield>
  </datafield>
  <datafield tag="GPN" ind1="1" ind2=" ">
    <subfield code="a">Wagner, Richard</subfield>
    <subfield code="d">1813-1883</subfield>
    <subfield code="t">Siegfried's Rhine journey</subfield>
    <subfield code="A">GND</subfield>
    <subfield code="B">GND-300169892</subfield>
    <subfield code="C">400</subfield>
  </datafield>
  <datafield tag="GSI" ind1="7" ind2=" ">
    <subfield code="a">http://d-nb.info/gnd/300169892</subfield>
    <subfield code="2">uri</subfield>
    <subfield code="A">GND</subfield>
    <subfield code="B">GND-300169892</subfield>
    <subfield code="C">024</subfield>
  </datafield>
  <datafield tag="GPN" ind1="1" ind2=" ">
    <subfield code="a">Wagner, Richard</subfield>
    <subfield code="d">1813-1883</subfield>
    <subfield code="t">&lt;&lt;Die&gt;&gt; Walküre</subfield>
    <subfield code="p">Liebeslied</subfield>
    <subfield code="A">GND</subfield>
    <subfield code="B">GND-300170602</subfield>
    <subfield code="C">400</subfield>
  </datafield>
  <datafield tag="GPN" ind1="1" ind2=" ">
    <subfield code="a">Wagner, Richard</subfield>
    <subfield code="d">1813-1883</subfield>
    <subfield code="t">&lt;&lt;Die&gt;&gt; Walküre</subfield>
    <subfield code="p">Siegmunds Liebesgesang</subfield>
    <subfield code="A">GND</subfield>
    <subfield code="B">GND-300170602</subfield>
    <subfield code="C">400</subfield>
  </datafield>
  <datafield tag="GPN" ind1="1" ind2=" ">
    <subfield code="a">Wagner, Richard</subfield>
    <subfield code="d">1813-1883</subfield>
    <subfield code="t">&lt;&lt;Die&gt;&gt; Walküre &lt;Siegmunds Liebeslied&gt;</subfield>
    <subfield code="A">GND</subfield>
    <subfield code="B">GND-300170602</subfield>
    <subfield code="C">400</subfield>
  </datafield>
  <datafield tag="GPN" ind1="1" ind2=" ">
    <subfield code="a">Wagner, Richard</subfield>
    <subfield code="d">1813-1883</subfield>
    <subfield code="t">&lt;&lt;Die&gt;&gt; Walküre &lt;Winterstürme wichen dem Wonnemond&gt;</subfield>
    <subfield code="9">v:R:Ansetzung nach RAK-Musik</subfield>
    <subfield code="A">GND</subfield>
    <subfield code="B">GND-300170602</subfield>
    <subfield code="C">400</subfield>
  </datafield>
  <datafield tag="GPN" ind1="1" ind2=" ">
    <subfield code="a">Wagner, Richard</subfield>
    <subfield code="d">1813-1883</subfield>
    <subfield code="t">&lt;&lt;Die&gt;&gt; Walküre</subfield>
    <subfield code="p">Winterstürme wichen dem Wonnemond</subfield>
    <subfield code="A">GND</subfield>
    <subfield code="B">GND-300170602</subfield>
    <subfield code="C">400</subfield>
  </datafield>
  <datafield tag="GPN" ind1="1" ind2=" ">
    <subfield code="a">Wagner, Richard</subfield>
    <subfield code="d">1813-1883</subfield>
    <subfield code="t">Winterstürme wichen dem Wonnemond</subfield>
    <subfield code="9">v:R:Titelverweise nach RAK</subfield>
    <subfield code="A">GND</subfield>
    <subfield code="B">GND-300170602</subfield>
    <subfield code="C">400</subfield>
  </datafield>
  <datafield tag="GSI" ind1="7" ind2=" ">
    <subfield code="a">http://d-nb.info/gnd/300170602</subfield>
    <subfield code="2">uri</subfield>
    <subfield code="A">GND</subfield>
    <subfield code="B">GND-300170602</subfield>
    <subfield code="C">024</subfield>
  </datafield>
  <datafield tag="GPN" ind1="1" ind2=" ">
    <subfield code="a">Wagner, Richard</subfield>
    <subfield code="d">1813-1883</subfield>
    <subfield code="t">&lt;&lt;Die&gt;&gt; Meistersinger von Nürnberg</subfield>
    <subfield code="p">Vorspiel 1. Aufzug</subfield>
    <subfield code="A">GND</subfield>
    <subfield code="B">GND-300170114</subfield>
    <subfield code="C">400</subfield>
  </datafield>
  <datafield tag="GPN" ind1="1" ind2=" ">
    <subfield code="a">Wagner, Richard</subfield>
    <subfield code="d">1813-1883</subfield>
    <subfield code="t">&lt;&lt;Die&gt;&gt; Meistersinger von Nürnberg</subfield>
    <subfield code="p">Vorspiel 1. Akt</subfield>
    <subfield code="A">GND</subfield>
    <subfield code="B">GND-300170114</subfield>
    <subfield code="C">400</subfield>
  </datafield>
  <datafield tag="GPN" ind1="1" ind2=" ">
    <subfield code="a">Wagner, Richard</subfield>
    <subfield code="d">1813-1883</subfield>
    <subfield code="t">&lt;&lt;Die&gt;&gt; Meistersinger von Nürnberg &lt;Vorspiel 1. Aufzug&gt;</subfield>
    <subfield code="A">GND</subfield>
    <subfield code="B">GND-300170114</subfield>
    <subfield code="C">400</subfield>
  </datafield>
  <datafield tag="GSI" ind1="7" ind2=" ">
    <subfield code="a">http://d-nb.info/gnd/300170114</subfield>
    <subfield code="2">uri</subfield>
    <subfield code="A">GND</subfield>
    <subfield code="B">GND-300170114</subfield>
    <subfield code="C">024</subfield>
  </datafield>
  <datafield tag="GPN" ind1="1" ind2=" ">
    <subfield code="a">Schubert, Franz</subfield>
    <subfield code="d">1797-1828</subfield>
    <subfield code="t">Sinfonie</subfield>
    <subfield code="n">Nr. 7</subfield>
    <subfield code="A">GND</subfield>
    <subfield code="B">GND-300141777</subfield>
    <subfield code="C">400</subfield>
  </datafield>
  <datafield tag="GPN" ind1="1" ind2=" ">
    <subfield code="a">Schubert, Franz</subfield>
    <subfield code="d">1797-1828</subfield>
    <subfield code="t">Inachevée</subfield>
    <subfield code="A">GND</subfield>
    <subfield code="B">GND-300141777</subfield>
    <subfield code="C">400</subfield>
  </datafield>
  <datafield tag="GPN" ind1="1" ind2=" ">
    <subfield code="a">Schubert, Franz</subfield>
    <subfield code="d">1797-1828</subfield>
    <subfield code="t">Neokončennaja</subfield>
    <subfield code="A">GND</subfield>
    <subfield code="B">GND-300141777</subfield>
    <subfield code="C">400</subfield>
  </datafield>
  <datafield tag="GPN" ind1="1" ind2=" ">
    <subfield code="a">Schubert, Franz</subfield>
    <subfield code="d">1797-1828</subfield>
    <subfield code="t">&lt;&lt;The&gt;&gt; unfinished</subfield>
    <subfield code="A">GND</subfield>
    <subfield code="B">GND-300141777</subfield>
    <subfield code="C">400</subfield>
  </datafield>
  <datafield tag="GPN" ind1="1" ind2=" ">
    <subfield code="a">Schubert, Franz</subfield>
    <subfield code="d">1797-1828</subfield>
    <subfield code="t">Unfinished</subfield>
    <subfield code="A">GND</subfield>
    <subfield code="B">GND-300141777</subfield>
    <subfield code="C">400</subfield>
  </datafield>
  <datafield tag="GPN" ind1="1" ind2=" ">
    <subfield code="a">Schubert, Franz</subfield>
    <subfield code="d">1797-1828</subfield>
    <subfield code="t">Unvollendete Sinfonie</subfield>
    <subfield code="A">GND</subfield>
    <subfield code="B">GND-300141777</subfield>
    <subfield code="C">400</subfield>
  </datafield>
  <datafield tag="GPN" ind1="1" ind2=" ">
    <subfield code="a">Schubert, Franz</subfield>
    <subfield code="d">1797-1828</subfield>
    <subfield code="t">&lt;&lt;Die&gt;&gt; Unvollendete</subfield>
    <subfield code="A">GND</subfield>
    <subfield code="B">GND-300141777</subfield>
    <subfield code="C">400</subfield>
  </datafield>
  <datafield tag="GPN" ind1="1" ind2=" ">
    <subfield code="a">Schubert, Franz</subfield>
    <subfield code="d">1797-1828</subfield>
    <subfield code="t">Unvollendete</subfield>
    <subfield code="A">GND</subfield>
    <subfield code="B">GND-300141777</subfield>
    <subfield code="C">400</subfield>
  </datafield>
  <datafield tag="GPN" ind1="1" ind2=" ">
    <subfield code="a">Schubert, Franz</subfield>
    <subfield code="d">1797-1828</subfield>
    <subfield code="t">Sinfonien D 759</subfield>
    <subfield code="A">GND</subfield>
    <subfield code="B">GND-300141777</subfield>
    <subfield code="C">400</subfield>
  </datafield>
  <datafield tag="GPN" ind1="1" ind2=" ">
    <subfield code="a">Schubert, Franz</subfield>
    <subfield code="d">1797-1828</subfield>
    <subfield code="t">Symphony no. 8 in B minor ("Unfinished")</subfield>
    <subfield code="A">GND</subfield>
    <subfield code="B">GND-300141777</subfield>
    <subfield code="C">400</subfield>
  </datafield>
  <datafield tag="GSI" ind1="7" ind2=" ">
    <subfield code="a">300141777</subfield>
    <subfield code="0">http://d-nb.info/gnd/300141777</subfield>
    <subfield code="2">gnd</subfield>
    <subfield code="A">GND</subfield>
    <subfield code="B">GND-300141777</subfield>
    <subfield code="C">024</subfield>
  </datafield>
  <datafield tag="GSI" ind1="7" ind2=" ">
    <subfield code="a">179425978</subfield>
    <subfield code="2">viaf</subfield>
    <subfield code="A">GND</subfield>
    <subfield code="B">GND-300141777</subfield>
    <subfield code="C">024</subfield>
  </datafield>
  <datafield tag="GSI" ind1="7" ind2=" ">
    <subfield code="a">1081431687</subfield>
    <subfield code="0">http://d-nb.info/gnd/1081431687</subfield>
    <subfield code="2">gnd</subfield>
    <subfield code="A">GND</subfield>
    <subfield code="B">GND-1081431687</subfield>
    <subfield code="C">024</subfield>
  </datafield>
  <datafield tag="GPN" ind1="1" ind2=" ">
    <subfield code="a">Berlioz, Hector</subfield>
    <subfield code="d">1803-1869</subfield>
    <subfield code="t">&lt;&lt;La&gt;&gt; damnation de Faust &lt;Marche hongroise&gt;</subfield>
    <subfield code="9">v:R:Ansetzung nach RAK-Musik</subfield>
    <subfield code="A">GND</subfield>
    <subfield code="B">GND-30001922X</subfield>
    <subfield code="C">400</subfield>
  </datafield>
  <datafield tag="GPN" ind1="1" ind2=" ">
    <subfield code="a">Berlioz, Hector</subfield>
    <subfield code="d">1803-1869</subfield>
    <subfield code="t">Marche hongroise</subfield>
    <subfield code="A">GND</subfield>
    <subfield code="B">GND-30001922X</subfield>
    <subfield code="C">400</subfield>
  </datafield>
  <datafield tag="GPN" ind1="1" ind2=" ">
    <subfield code="a">Berlioz, Hector</subfield>
    <subfield code="d">1803-1869</subfield>
    <subfield code="t">Rákóczy-Marsch</subfield>
    <subfield code="A">GND</subfield>
    <subfield code="B">GND-30001922X</subfield>
    <subfield code="C">400</subfield>
  </datafield>
  <datafield tag="GPN" ind1="1" ind2=" ">
    <subfield code="a">Berlioz, Hector</subfield>
    <subfield code="d">1803-1869</subfield>
    <subfield code="t">Ungarischer Marsch</subfield>
    <subfield code="A">GND</subfield>
    <subfield code="B">GND-30001922X</subfield>
    <subfield code="C">400</subfield>
  </datafield>
  <datafield tag="GPN" ind1="1" ind2=" ">
    <subfield code="a">Berlioz, Hector</subfield>
    <subfield code="d">1803-1869</subfield>
    <subfield code="t">Hungarian march "Rakoczy"</subfield>
    <subfield code="A">GND</subfield>
    <subfield code="B">GND-30001922X</subfield>
    <subfield code="C">400</subfield>
  </datafield>
  <datafield tag="GPN" ind1="1" ind2=" ">
    <subfield code="a">Berlioz, Hector</subfield>
    <subfield code="d">1803-1869</subfield>
    <subfield code="t">Hungarian march</subfield>
    <subfield code="A">GND</subfield>
    <subfield code="B">GND-30001922X</subfield>
    <subfield code="C">400</subfield>
  </datafield>
  <datafield tag="GSI" ind1="7" ind2=" ">
    <subfield code="a">http://d-nb.info/gnd/30001922X</subfield>
    <subfield code="2">uri</subfield>
    <subfield code="A">GND</subfield>
    <subfield code="B">GND-30001922X</subfield>
    <subfield code="C">024</subfield>
  </datafield>
  <datafield tag="GSI" ind1="7" ind2=" ">
    <subfield code="a">http://d-nb.info/gnd/1081395184</subfield>
    <subfield code="2">uri</subfield>
    <subfield code="A">GND</subfield>
    <subfield code="B">GND-1081395184</subfield>
    <subfield code="C">024</subfield>
  </datafield>
  <datafield tag="GPN" ind1="1" ind2=" ">
    <subfield code="a">Verdi, Giuseppe</subfield>
    <subfield code="d">1813-1901</subfield>
    <subfield code="t">&lt;&lt;La&gt;&gt; forza del destino</subfield>
    <subfield code="p">Sinfonia</subfield>
    <subfield code="A">GND</subfield>
    <subfield code="B">GND-300165633</subfield>
    <subfield code="C">400</subfield>
  </datafield>
  <datafield tag="GPN" ind1="1" ind2=" ">
    <subfield code="a">Verdi, Giuseppe</subfield>
    <subfield code="d">1813-1901</subfield>
    <subfield code="t">&lt;&lt;Die&gt;&gt; Macht des Schicksals</subfield>
    <subfield code="p">Ouvertüre</subfield>
    <subfield code="A">GND</subfield>
    <subfield code="B">GND-300165633</subfield>
    <subfield code="C">400</subfield>
  </datafield>
  <datafield tag="GPN" ind1="1" ind2=" ">
    <subfield code="a">Verdi, Giuseppe</subfield>
    <subfield code="d">1813-1901</subfield>
    <subfield code="t">&lt;&lt;La&gt;&gt; forza del destino &lt;Ouvertüre&gt;</subfield>
    <subfield code="9">v:R:Ansetzung nach RAK-Musik</subfield>
    <subfield code="A">GND</subfield>
    <subfield code="B">GND-300165633</subfield>
    <subfield code="C">400</subfield>
  </datafield>
  <datafield tag="GSI" ind1="7" ind2=" ">
    <subfield code="a">300165633</subfield>
    <subfield code="0">http://d-nb.info/gnd/300165633</subfield>
    <subfield code="2">gnd</subfield>
    <subfield code="A">GND</subfield>
    <subfield code="B">GND-300165633</subfield>
    <subfield code="C">024</subfield>
  </datafield>
  <datafield tag="GPN" ind1="1" ind2=" ">
    <subfield code="a">Malzer, Hans Peter Birke-</subfield>
    <subfield code="A">GND</subfield>
    <subfield code="B">GND-1138654418</subfield>
    <subfield code="C">400</subfield>
  </datafield>
  <datafield tag="GPN" ind1="1" ind2=" ">
    <subfield code="a">Malzer, Hans Peter B.-</subfield>
    <subfield code="A">GND</subfield>
    <subfield code="B">GND-1138654418</subfield>
    <subfield code="C">400</subfield>
  </datafield>
  <datafield tag="GSI" ind1="7" ind2=" ">
    <subfield code="a">1138654418</subfield>
    <subfield code="0">http://d-nb.info/gnd/1138654418</subfield>
    <subfield code="2">gnd</subfield>
    <subfield code="A">GND</subfield>
    <subfield code="B">GND-1138654418</subfield>
    <subfield code="C">024</subfield>
  </datafield>
  <datafield tag="GSI" ind1="7" ind2=" ">
    <subfield code="a">134751957</subfield>
    <subfield code="0">http://d-nb.info/gnd/134751957</subfield>
    <subfield code="2">gnd</subfield>
    <subfield code="A">GND</subfield>
    <subfield code="B">GND-134751957</subfield>
    <subfield code="C">024</subfield>
  </datafield>
  <datafield tag="GPN" ind1="1" ind2=" ">
    <subfield code="a">Domingo Embil, José Plácido</subfield>
    <subfield code="d">1941-</subfield>
    <subfield code="4">navo</subfield>
    <subfield code="4">https://d-nb.info/standards/elementset/gnd#FullerFormOfNameOfThePerson</subfield>
    <subfield code="w">r</subfield>
    <subfield code="i">Vollstaendiger Name</subfield>
    <subfield code="e">Vollstaendiger Name</subfield>
    <subfield code="A">GND</subfield>
    <subfield code="B">GND-118680242</subfield>
    <subfield code="C">400</subfield>
  </datafield>
  <datafield tag="GPN" ind1="1" ind2=" ">
    <subfield code="a">Embil, José Plácido Domingo</subfield>
    <subfield code="d">1941-</subfield>
    <subfield code="A">GND</subfield>
    <subfield code="B">GND-118680242</subfield>
    <subfield code="C">400</subfield>
  </datafield>
  <datafield tag="GPN" ind1="1" ind2=" ">
    <subfield code="a">Domingo, Plácido</subfield>
    <subfield code="d">1941-</subfield>
    <subfield code="A">GND</subfield>
    <subfield code="B">GND-118680242</subfield>
    <subfield code="C">400</subfield>
  </datafield>
  <datafield tag="GPN" ind1="1" ind2=" ">
    <subfield code="a">Domingo, P.</subfield>
    <subfield code="d">1941-</subfield>
    <subfield code="A">GND</subfield>
    <subfield code="B">GND-118680242</subfield>
    <subfield code="C">400</subfield>
  </datafield>
  <datafield tag="GPN" ind1="0" ind2=" ">
    <subfield code="a">Domingo</subfield>
    <subfield code="d">1941-</subfield>
    <subfield code="A">GND</subfield>
    <subfield code="B">GND-118680242</subfield>
    <subfield code="C">400</subfield>
  </datafield>
  <datafield tag="GSI" ind1="7" ind2=" ">
    <subfield code="a">118680242</subfield>
    <subfield code="0">http://d-nb.info/gnd/118680242</subfield>
    <subfield code="2">gnd</subfield>
    <subfield code="A">GND</subfield>
    <subfield code="B">GND-118680242</subfield>
    <subfield code="C">024</subfield>
  </datafield>
  <datafield tag="GPN" ind1="0" ind2=" ">
    <subfield code="a">Barenboim</subfield>
    <subfield code="d">1942-</subfield>
    <subfield code="A">GND</subfield>
    <subfield code="B">GND-118506560</subfield>
    <subfield code="C">400</subfield>
  </datafield>
  <datafield tag="GPN" ind1="1" ind2=" ">
    <subfield code="a">Barenboïm, Daniel</subfield>
    <subfield code="d">1942-</subfield>
    <subfield code="A">GND</subfield>
    <subfield code="B">GND-118506560</subfield>
    <subfield code="C">400</subfield>
  </datafield>
  <datafield tag="GSI" ind1="7" ind2=" ">
    <subfield code="a">118506560</subfield>
    <subfield code="0">http://d-nb.info/gnd/118506560</subfield>
    <subfield code="2">gnd</subfield>
    <subfield code="A">GND</subfield>
    <subfield code="B">GND-118506560</subfield>
    <subfield code="C">024</subfield>
  </datafield>
  <datafield tag="GKT" ind1="2" ind2=" ">
    <subfield code="a">Philharmoniker</subfield>
    <subfield code="g">Berliner Philharmoniker</subfield>
    <subfield code="A">GND</subfield>
    <subfield code="B">GND-95514504X</subfield>
    <subfield code="C">410</subfield>
  </datafield>
  <datafield tag="GKT" ind1="2" ind2=" ">
    <subfield code="a">Philharmonisches Orchester Berlin</subfield>
    <subfield code="g">Berliner Philharmoniker</subfield>
    <subfield code="A">GND</subfield>
    <subfield code="B">GND-95514504X</subfield>
    <subfield code="C">410</subfield>
  </datafield>
  <datafield tag="GKT" ind1="2" ind2=" ">
    <subfield code="a">Berlin Philharmonic Orchestra</subfield>
    <subfield code="g">Berliner Philharmoniker</subfield>
    <subfield code="A">GND</subfield>
    <subfield code="B">GND-95514504X</subfield>
    <subfield code="C">410</subfield>
  </datafield>
  <datafield tag="GKT" ind1="2" ind2=" ">
    <subfield code="a">Berlin Philharmonic</subfield>
    <subfield code="g">Berliner Philharmoniker</subfield>
    <subfield code="A">GND</subfield>
    <subfield code="B">GND-95514504X</subfield>
    <subfield code="C">410</subfield>
  </datafield>
  <datafield tag="GKT" ind1="2" ind2=" ">
    <subfield code="a">Philharmonic Orchestra Berlin</subfield>
    <subfield code="g">Berliner Philharmoniker</subfield>
    <subfield code="A">GND</subfield>
    <subfield code="B">GND-95514504X</subfield>
    <subfield code="C">410</subfield>
  </datafield>
  <datafield tag="GKT" ind1="2" ind2=" ">
    <subfield code="a">Orchestre du Philharmonique Berlin</subfield>
    <subfield code="g">Berliner Philharmoniker</subfield>
    <subfield code="A">GND</subfield>
    <subfield code="B">GND-95514504X</subfield>
    <subfield code="C">410</subfield>
  </datafield>
  <datafield tag="GKT" ind1="2" ind2=" ">
    <subfield code="a">Orchestre philharmonique Berlin</subfield>
    <subfield code="g">Berliner Philharmoniker</subfield>
    <subfield code="A">GND</subfield>
    <subfield code="B">GND-95514504X</subfield>
    <subfield code="C">410</subfield>
  </datafield>
  <datafield tag="GKT" ind1="2" ind2=" ">
    <subfield code="a">Orquesta Filarmónica Berlin</subfield>
    <subfield code="g">Berliner Philharmoniker</subfield>
    <subfield code="A">GND</subfield>
    <subfield code="B">GND-95514504X</subfield>
    <subfield code="C">410</subfield>
  </datafield>
  <datafield tag="GKT" ind1="2" ind2=" ">
    <subfield code="a">Orchestra Filarmonica Berlin</subfield>
    <subfield code="g">Berliner Philharmoniker</subfield>
    <subfield code="A">GND</subfield>
    <subfield code="B">GND-95514504X</subfield>
    <subfield code="C">410</subfield>
  </datafield>
  <datafield tag="GKT" ind1="2" ind2=" ">
    <subfield code="a">Stiftung Berliner Philharmoniker</subfield>
    <subfield code="A">GND</subfield>
    <subfield code="B">GND-95514504X</subfield>
    <subfield code="C">410</subfield>
  </datafield>
  <datafield tag="GSI" ind1="7" ind2=" ">
    <subfield code="a">2173862-2</subfield>
    <subfield code="0">http://d-nb.info/gnd/2173862-2</subfield>
    <subfield code="2">gnd</subfield>
    <subfield code="A">GND</subfield>
    <subfield code="B">GND-95514504X</subfield>
    <subfield code="C">024</subfield>
  </datafield>
</record>
